% Human vision
@article{hecht1998optics,
  title={Optics 4th edition},
  author={Hecht, Eugene},
  journal={Optics, 4th Edition, Addison Wesley Longman Inc, 1998},
  volume={1},
  year={1998}
}

% parallax barrier
@misc{ives1903parallax,
  title={Parallax stereogram and process of making same.},
  author={Ives, Frederic E},
  year={1903},
  month=apr # "~14",
  publisher={Google Patents},
  note={US Patent 725,567}
}

@article{mackenzie2010accommodation,
  title={Accommodation to multiple-focal-plane displays: Implications for improving stereoscopic displays and for accommodation control},
  author={MacKenzie, Kevin J and Hoffman, David M and Watt, Simon J},
  journal={Journal of Vision},
  volume={10},
  number={8},
  pages={22},
  year={2010},
  publisher={Association for Research in Vision and Ophthalmology}
}

@article{hoffman2008vergence,
  title={Vergence--accommodation conflicts hinder visual performance and cause visual fatigue},
  author={Hoffman, David M and Girshick, Ahna R and Akeley, Kurt and Banks, Martin S},
  journal={Journal of vision},
  volume={8},
  number={3},
  pages={33},
  year={2008},
  publisher={Association for Research in Vision and Ophthalmology}
}

% Trends
@article{wang1994refractive,
  title={Refractive status in the Beaver Dam eye study},
  author={Wang, Qin and Klein, Barbara EK and Klein, Ronald and Moss, Scot E},
  journal={Investigative Ophthalmology and Visual Science},
  volume={35},
  number={13},
  pages={4344--4347},
  year={1994},
  publisher={[Philadelphia, Pa., etc. Association for Research in Vision and Ophthalmology, Inc., etc.]}
}

@article{attebo1999refractive,
  title={Refractive errors in an older population: The blue mountains eye study11The authors have no proprietary interest in any of the materials mentioned in this study.},
  author={Attebo, Karin and Ivers, Rebecca Q and Mitchell, Paul},
  journal={Ophthalmology},
  volume={106},
  number={6},
  pages={1066--1072},
  year={1999},
  publisher={Elsevier}
}

@article{dolgin2015myopia,
  title={The myopia boom},
  author={Dolgin, Elie and others},
  journal={Nature},
  volume={519},
  number={7543},
  pages={276--278},
  year={2015},
  publisher={Macmillan Publishers Ltd., London, England}
}

@article{yoo2013refractive,
  title={Refractive errors in a rural Korean adult population: the Namil Study},
  author={Yoo, YC and Kim, JM and Park, KH and Kim, CY and Kim, TW},
  journal={Eye},
  volume={27},
  number={12},
  pages={1368--1375},
  year={2013},
  publisher={Nature Publishing Group}
}

@article{douali2004self,
  title={Self-optimised vision correction with adaptive spectacle lenses in developing countries},
  author={Douali, MG and Silver, JD},
  journal={Ophthal. Physiol. Opt},
  volume={24},
  pages={234--241},
  year={2004},
  publisher={Citeseer}
}

@article{visionstudy,
author = {The Eye Diseases Prevalence Research Group*},
title = {The prevalence of refractive errors among adults in the united states,western europe, and australia},
journal = {Archives of Ophthalmology},
volume = {122},
number = {4},
pages = {495-505},
year = {2004},
doi = {10.1001/archopht.122.4.495},
URL = { + http://dx.doi.org/10.1001/archopht.122.4.495},
eprint = {/data/Journals/OPHTH/9922/EEB30018.pdf}
}

@article{Love:09, 
author = {Gordon D. Love and David M. Hoffman and Philip J.W. Hands and James Gao and Andrew K. Kirby and Martin S. Banks}, 
journal = {Opt. Express}, 
keywords = {Displays; Polarization-selective devices; Vision - binocular and stereopsis},
number = {18}, 
pages = {15716--15725}, 
publisher = {OSA},
title = {High-speed switchable lens enables the development of a volumetric stereoscopic display}, 
volume = {17}, 
month = {Aug},
year = {2009},
url = {http://www.opticsexpress.org/abstract.cfm?URI=oe-17-18-15716},
doi = {10.1364/OE.17.015716},
}

@article{liu2009time,
  title={Time-multiplexed dual-focal plane head-mounted display with a liquid lens},
  author={Liu, Sheng and Hua, Hong},
  journal={Optics letters},
  volume={34},
  number={11},
  pages={1642--1644},
  year={2009},
  publisher={Optical Society of America}
}

@inproceedings{Itoh:2015:VED:2735711.2735787,
 author = {Itoh, Yuta and Klinker, Gudrun},
 title = {Vision Enhancement: Defocus Correction via Optical See-through Head-mounted Displays},
 booktitle = {Proceedings of the 6th Augmented Human International Conference},
 series = {AH '15},
 year = {2015},
 isbn = {978-1-4503-3349-8},
 location = {Singapore, Singapore},
 pages = {1--8},
 numpages = {8},
 url = {http://doi.acm.org/10.1145/2735711.2735787},
 doi = {10.1145/2735711.2735787},
 acmid = {2735787},
 publisher = {ACM},
 address = {New York, NY, USA},
 keywords = {augmented reality, head-mounted displays, image deblurring, near-eye displays, optical see-through, vision enhancement},
} 

% automultiscopic
@inproceedings{ranieri2012multi,
  title={Multi-Layered Automultiscopic Displays},
  author={Ranieri, Nicola and Heinzle, Simon and Smithwick, Quinn and Reetz, Daniel and Smoot, Lanny S and Matusik, Wojciech and Gross, Markus},
  booktitle={Computer Graphics Forum},
  volume={31},
  number={7},
  pages={2135--2143},
  year={2012},
  organization={Wiley Online Library}
}

@article{wetzstein2012tensor,
  title={Tensor displays: compressive light field synthesis using multilayer displays with directional backlighting.},
  author={Wetzstein, Gordon and Lanman, Douglas and Hirsch, Matthew and Raskar, Ramesh},
  journal={ACM Trans. Graph.},
  volume={31},
  number={4},
  pages={80},
  year={2012},
  publisher={Citeseer}
}

@article{maimone2013focus,
  title={Focus 3D: Compressive accommodation display.},
  author={Maimone, Andrew and Wetzstein, Gordon and Hirsch, Matthew and Lanman, Douglas and Raskar, Ramesh and Fuchs, Henry},
  journal={ACM Trans. Graph.},
  volume={32},
  number={5},
  pages={153},
  year={2013}
}

% Vision-correcting display
@article{pamplona12,
  title={Tailored displays to compensate for visual aberrations.},
  author={Pamplona, Vitor F and Oliveira, Manuel M and Aliaga, Daniel G and Raskar, Ramesh},
  journal={ACM Trans. Graph.},
  volume={31},
  number={4},
  pages={81},
  year={2012}
}

@techreport{Huang:EECS-2011-162,
    Author = {Huang, Fu-Chung and Barsky, Brian A.},
    Title = {A Framework for Aberration Compensated Displays},
    Institution = {EECS Department, University of California, Berkeley},
    Year = {2011},
    Month = {Dec},
    URL = {http://www.eecs.berkeley.edu/Pubs/TechRpts/2011/EECS-2011-162.html},
    Number = {UCB/EECS-2011-162},
}


@article{huang14,
  title={Eyeglasses-free display: towards correcting visual aberrations with computational light field displays},
  author={Huang, Fu-Chung and Wetzstein, Gordon and Barsky, Brian A and Raskar, Ramesh},
  journal={ACM Transactions on Graphics (TOG)},
  volume={33},
  number={4},
  pages={59},
  year={2014},
  publisher={ACM}
}

@article{ng2005light,
  title={Light field photography with a hand-held plenoptic camera},
  author={Ng, Ren and Levoy, Marc and Br{\'e}dif, Mathieu and Duval, Gene and Horowitz, Mark and Hanrahan, Pat},
  journal={Computer Science Technical Report CSTR},
  volume={2},
  number={11},
  year={2005}
}

@inproceedings{ng2007digital,
  title={Digital correction of lens aberrations in light field photography},
  author={Ng, Ren and Hanrahan, Pat},
  booktitle={Contract Proceedings 2006},
  pages={63421E--63421E},
  year={2007},
  organization={International Society for Optics and Photonics}
}

% Seidel Aberration
@article{wyant92,
  title={Basic wavefront aberration theory for optical metrology},
  author={Wyant, James C and Creath, Katherine},
  journal={Applied optics and optical engineering},
  volume={11},
  number={s 29},
  pages={2},
  year={1992},
  publisher={Academic New York}
}

% anti-aliasing display
@inproceedings{zwicker2006antialiasing,
  title={Antialiasing for automultiscopic 3D displays},
  author={Zwicker, Matthias and Matusik, Wojciech and Durand, Fr{\'e}do and Pfister, Hanspeter and Forlines, Clifton},
  booktitle={ACM SIGGRAPH 2006 Sketches},
  pages={107},
  year={2006},
  organization={ACM}
}

@inproceedings{chai00,
  title={Plenoptic sampling},
  author={Chai, Jin-Xiang and Tong, Xin and Chan, Shing-Chow and Shum, Heung-Yeung},
  booktitle={Proceedings of the 27th annual conference on Computer graphics and interactive techniques},
  pages={307--318},
  year={2000},
  organization={ACM Press/Addison-Wesley Publishing Co.}
}

% ray tracing techniques
@book{glassner1989introduction,
  title={An introduction to ray tracing},
  author={Glassner, Andrew S},
  year={1989},
  publisher={Morgan Kaufmann}
}